% -----------------------------------------------
@misc{boost,
   title = {{Boost C++ Libraries}},
   URL = {http://www.boost.org/}
}
% -----------------------------------------------
@misc{waf,
   title = {{Waf - The flexible build system}},
   URL = {http://code.google.com/p/waf/}
}
% -----------------------------------------------
@misc{lgpl,
   title = {{GNU Lesser General Public License}},
   URL = {http://www.gnu.org/licenses/lgpl.html}
}
% -----------------------------------------------
@misc{netgen,
   title = {{Netgen}},
   URL = {http://www.hpfem.jku.at/netgen/}
}
% -----------------------------------------------
@misc{delink,
   title = {{deLink}},
   URL = {http://www.iue.tuwien.ac.at/software.0.html}
}
% -----------------------------------------------
@inproceedings{heinzlgen,
   title={Generalized {C}omprehensive {A}pproach for {R}obust {T}hree-{D}imensional {M}esh {G}eneration for {TCAD}},
   author={Renè Heinzl and Tibor Grasser},
   booktitle={International {C}onference on {S}imulation of {S}emiconductor {P}rocesses and {D}evices, {T}okyo},
   year={2005},
   pages={211-214}
}
% -----------------------------------------------
@inproceedings{stimpflmulti,
   title={Multi-Mode {M}esh {G}eneration for {S}cientific {C}omputing},
   author={Franz Stimpfl and Renè Heinzl and Philipp Schwaha and Michael Spevak and Tibor Grasser},
   booktitle={{E}uropean {S}imulation and {M}odelling {C}onference, Malta},
   year={2007},
   pages={425-429}
}
% -----------------------------------------------
@inproceedings{stimpflrobust,
   title={{A Robust Parallel Delaunay Mesh Generation Approach Suitable for Three-Dimensional TCAD}},
   author={Franz Stimpfl and Renè Heinzl and Philipp Schwaha and Siegfried Selberherr},
   booktitle={{International Conference on Simulation of Semiconductor Processes and Devices, Hakone}},
   year={2008},
   pages={265-268}
}
% -----------------------------------------------
@inproceedings{stimpflperf,
   title={{High Performance Parallel Mesh Generation and Adaptation}},
   author={Franz Stimpfl and Renè Heinzl and Philipp Schwaha and Siegfried Selberherr},
   booktitle={{Workshop on State-of-the-Art in Scientific and Parallel Computing, Trondheim}},
   year={2008}
}
% -----------------------------------------------
